
@online{ovation,
	key="ovation",
title="Ovation",
note="Physion LLC",
url="http://physion.us/",
year="2014",
cited="3.7.2014",
}

@online{obi,
	key="obi",
	title="Ontology for Biomedical Investigations",
	url="http://bioportal.bioontology.org/ontologies/OBI",
	year="2015",
	cited="13.6.2015",
}

@online{cno,
	key="cno",
	title="Computational Neuroscience Ontology",
	url="http://bioportal.bioontology.org/ontologies/CNO",
	year="2013",
	cited="13.6.2015",
}
@report{bruha,
	author = {Petr Brůha},
	title = {Semantic Web and Classic Data Structures},
	type = {Technical report},
	institution = {University of West Bohemia},
	date = {July 2013},
}

@online{nemo,
	url="http://bioportal.bioontology.org/ontologies/NEMO/?p=summary",
	title="Neural ElectroMagnetic Ontology",
	author="",
	year="2015",
	note="15.5.2015",
	}

@online{ontology,
	url="https://neuroml.org/files/NeuroML2012/YleFranc\_CNO.pdf",
	author="Yann Le Franc",
	title="Introduction to CNO",
	year="2012",
	cited="15.5.2015",
}

@online{wsdl,
	url="http://eeg2.kiv.zcu.cz:8080/webservice/UserDataService?wsdl",
	author="Štěbeták, Jan",
	title="Webservice WSDL file",
	year="2015",
	cited="10.5.2015",
	}

@online{odmlgithub,
	url="https://github.com/INCF/odml-terminologies",
	cited="12.5.2015",
	title="INCF GitHub odML repository",
	}

@article{Smith2005,
	doi = {10.1186/gb-2005-6-5-r46},
	url = {http://dx.doi.org/10.1186/gb-2005-6-5-r46},
	year  = {2005},
	publisher = {Springer Science $\mathplus$ Business Media},
	volume = {6},
	number = {5},
	pages = {R46},
	author = {Barry Smith and Werner Ceusters and Bert Klagges and Jacob K\"{o}hler and Anand Kumar and Jane Lomax and Chris Mungall and Fabian Neuhaus and Alan L Rector and Cornelius Rosse},
	journal = {Genome Biol}
}

@online{oen,
	url="http://www.obofoundry.org/",
	title="The Open Biological and Biomedical Ontologies",
	year="2015",
	cited="10.5.2015",
	}

@online{nifstd,
	url="http://bioportal.bioontology.org/ontologies/NIFSTD",
	title="Neuroscience Information Framework Standard ontology",
	year="2015",
	cited="10.5.2015",
}	

@online{bfo,
	url="http://ifomis.uni-saarland.de/bfo/",
	title="Basic Formal Ontology",
	year="2014",
	cited="10.5.2015",
}		
	
	
@online{eegportal,
	year="2015",
	title="EEGbase",
	note="RRID:nif-0000-08190",
	url="https://eegdatabase.kiv.zcu.cz/",
	cited="10.5.2015",
	}	
@online{eegloader,
	url="https://github.com/stebjan/eegloader",
	title="EEGloader 2.0",
	author="Štebeták, Jan",
	year="2015",
	cited="10.5.2015",
	}	
	
@manual{ovation_m,
	title = {Ovation Scientific Data Management System},
	note = {2012. Release 1.4},
	organization = {Physion Consulting},
}
	
@online{webservice,
	url="http://eeg2.kiv.zcu.cz:8080/webservice/",
	year="2015",
	author="Štěbeták, Jan",
	title="EEGBase SOAP webservices",
	cited="10.5.2015",
	}	
	@article{Brinkman2010,
		doi = {10.1186/2041-1480-1-s1-s7},
		url = {http://dx.doi.org/10.1186/2041-1480-1-S1-S7},
		year  = {2010},
		publisher = {Springer Science $\mathplus$ Business Media},
		volume = {1},
		number = {Suppl 1},
		pages = {S7},
		author = {Ryan R Brinkman and M{\'{e}}lanie Courtot and Dirk Derom and Jennifer M Fostel and Yongqun He and Phillip Lord and James Malone and Helen Parkinson and Bjoern Peters and Philippe Rocca-Serra and Alan Ruttenberg and Susanna-Assunta Sansone and Larisa N Soldatova and Christian J Stoeckert and Jessica A Turner and Jie Zheng},
		title = {Modeling biomedical experimental processes with {OBI}},
		journal = {Journal of Biomedical Semantics}
	}
@online{jerpa,
	url="https://github.com/stebjan/jerpa-EDEDClient",
	title="EDEDClient",
	author="Miko, Petr",
	year="2012",
	cited="9.1.2015",
	}

@online{neuroshare,
	url="http://neuroshare.sourceforge.net/",
	title="Open data specifications and software for neurophysiology",
	year="2011",
	cited="10.5.2015",
	}

@online{ovation2,
	key="ovation",
	title="Ovation",
	note="Physion LLC",
	url="http://ovation.io/",
	year="2014",
	cited="3.7.2014",
}

@article{Kemp2003,
	doi = {10.1016/s1388-2457(03)00123-8},
	url = {http://dx.doi.org/10.1016/S1388-2457(03)00123-8},
	year  = {2003},
	month = {sep},
	publisher = {Elsevier {BV}},
	volume = {114},
	number = {9},
	pages = {1755--1761},
	author = {Bob Kemp and Jesus Olivan},
	title = {European data format `plus' (EDF+),  an {EDF} alike standard format for the exchange of physiological data},
	journal = {Clinical Neurophysiology}
}

@online{hdf_object,
	title="HDF Object Package",
	url="https://www.hdfgroup.org/products/java/hdf-object/index.html",
	note="HDF Group",
	date="15 December 2014",
	cited="1.5.2015",
	
	}

@online{hdfjava,
	title="HDF Java Products",
	note="HDF Group",
	url="https://www.hdfgroup.org/products/java/",
	year="2014",
	cited="1.5.2015",
	}

@online{edf,
url="http://www.edfplus.info/specs/edf.html",
author="Kemp, Bob",
year="2014",
cited="4.5.2015",
	}

@online{nexus,
	key="Nexus",
note="NeXus International Advisory Committee",
title="NeXus Format",
url="http://www.nexusformat.org/",
year="2014",
cited="03.07.2014",
}


@article{odmlarticle,
	doi = {10.3389/conf.fninf.2011.08.00100},
	url = {http://dx.doi.org/10.3389/conf.fninf.2011.08.00100},
	year  = {2011},
	publisher = {Frontiers Media {SA}},
	volume = {5},
	author = {Benda, Jan},
	title = {From recording to sharing of data - embedding metadata handling into the laboratory workflow using {odML}},
	journal = {Frontiers in Neuroinformatics}
}
	
@article{incf_mission,
doi = {10.3389/conf.fninf.2014.08.00088},
	url = {http://dx.doi.org/10.3389/conf.fninf.2014.08.00088},
	year  = {2014},
	publisher = {Frontiers Media {SA}},
	volume = {8},
	author = {Sommer Friedrich and Wachtler Thomas and Davison Andrew and Denker Michael and Grethe Jeffrey and Gr\"{u}n Sonja and Harris Kenneth and Ingram Colin and Linne Marja-Leena and Ljungquist Bengt and Miller John and Mou{\v{c}}ek Roman and Sessions Hyrum and Shepherd Gordon and Smith Leslie and Teeters Jeff and Usui Shiro},
	title = {Mission and activities of the {INCF} Electrophysiology Data Sharing Task Force},
	journal = {Frontiers in Neuroinformatics}
}

@online{erpinfo,
	key="erpinfo",
	title = {ERPinfo.org},
	author="Steve Luck",
	date = {22.04.2015},
	year="2015",
	url = {http://erpinfo.org/what-is-an-erp},
	cited="22.3.2015",
}

@online{incfweb,
	key="incf",
	title = {INCF},
	date = {22.04.2015},
	year="2015",
	url = {http://www.incf.org/},
	cited="4.3.2015",
}


@online{neo,
	key="Neo",
title="Neo",
url="http://pythonhosted.org/neo/",
year="2014",
cited="03.07.2014",
}

@online{neurohdf,
	note="NeuroHDF Interest Group",
	key="NeuroHDF",
organization="NeuroHDF Interest Group",
title="NeuroHDF",
url="https://neurohdf.readthedocs.org/",
year="2014",
cited="03.07.2014",
}

@misc{ISO8601,	
	title = {ČSN ISO 8601. \textit{Data elements and interchange formats – Information interchange – Representation of dates and times.} Praha: ČESKÝ NORMALIZAČNÍ INSTITUT},
	year = {2005},	
}

@inproceedings{hdffast,
	doi = {10.1109/ssdbm.2006.27},
	url = {http://dx.doi.org/10.1109/SSDBM.2006.27},
	year  = {2006},
	publisher = {Institute of Electrical {\&} Electronics Engineers ({IEEE})},
	author = {L. Gosink and J. Shalf and K. Stockinger and  Kesheng Wu and W. Bethel},
	title = {{HDF}5-{FastQuery}: Accelerating Complex Queries on {HDF} Datasets using Fast Bitmap Indices},
	booktitle = {18th International Conference on Scientific and Statistical Database Management},
}


@online{pandora,
	key="Pandora",
note="G-Node",
title="NIX",
url="https://github.com/G-Node/nix/wiki",
year="2014",
cited="03.02.2015",
}

@online{pandora2,
	key="Pandora",
	note="G-Node",
	title="NIX",
	url="https://github.com/G-Node/nix/wiki/Implementation-in-HDF5",
	year="2014",
	cited="03.02.2015",
}

@online{gnode,
	key="G-Node",
	title = {German Neuroinformatics Node},
	date = {10.04.2015},
	url = {http://www.g-node.org/},
	year="2015",

}


@online{BCI2000,
author="Gerwin Schalk",
title="BCI2000",
 url="www.bci2000.org",
year="2009", 
cited="25.11.2014",
note={[rev. 2009-8-14]},
}

@online{brainvision,
	key="Brain Products GmbH",
note="Brain Products GmbH",
title="Brain Products GmbH",
url="http://www.brainproducts.com/index.php",
year="2014",
cited="03.07.2014",
}

@article{odml,
	doi = {10.3389/fninf.2011.00016},
	url = {http://dx.doi.org/10.3389/fninf.2011.00016},
	year  = {2011},
	publisher = {Frontiers Media {SA}},
	volume = {5},
	author = {Jan Grewe and Thomas Wachtler and Jan Benda},
	title = {A Bottom-up Approach to Data Annotation in Neurophysiology},
	journal = {Frontiers in Neuroinformatics}
}

@article{Poldrack2012,
	doi = {10.1016/j.neuroimage.2011.08.007},
	url = {http://dx.doi.org/10.1016/j.neuroimage.2011.08.007},
	year  = {2012},
	month = {aug},
	publisher = {Elsevier {BV}},
	volume = {62},
	number = {2},
	pages = {1216--1220},
	author = {Russell A. Poldrack},
	title = {The future of {fMRI} in cognitive neuroscience},
	journal = {{NeuroImage}}
}

@article{Milham2012,
	doi = {10.1016/j.neuron.2011.11.004},
	url = {http://dx.doi.org/10.1016/j.neuron.2011.11.004},
	year  = {2012},
	month = {jan},
	publisher = {Elsevier {BV}},
	volume = {73},
	number = {2},
	pages = {214--218},
	author = {Michael~Peter Milham},
	title = {Open Neuroscience Solutions for the Connectome-wide Association Era},
	journal = {Neuron},
}

@article{neuroinf,
	doi = {10.3389/fninf.2012.00009},
	url = {http://dx.doi.org/10.3389/fninf.2012.00009},
	year  = {2012},
	publisher = {Frontiers Media {SA}},
	volume = {6},
	author = {Jean-Baptiste Poline and Janis L. Breeze and Satrajit Ghosh and Krzysztof Gorgolewski and Yaroslav O. Halchenko and Michael Hanke and Christian Haselgrove and Karl G. Helmer and David B. Keator and Daniel S. Marcus and Russell A. Poldrack and Yannick Schwartz and John Ashburner and David N. Kennedy},
	title = {Data sharing in neuroimaging research},
	journal = {Frontiers in Neuroinformatics},
}


@article{ephdf,
	doi = {10.3389/conf.fninf.2013.09.00068},
	url = {http://dx.doi.org/10.3389/conf.fninf.2013.09.00068},
	year  = {2013},
	publisher = {Frontiers Media {SA}},
	volume = {7},
	author = {Teeters Jeffrey and Sommer Friedrich},
	title = {{epHDF} {\textendash} a proposed standard for storing electrophysiology data in {HDF}5},
	journal = {Frontiers in Neuroinformatics},
}

@unpublished{requirements,
	note = {Electrophysiology Task Force of the INCF Program on Standards for Data Sharing},
	title = {Requirements for storing electrophysiology data, Version 0.72},
	date = {2014-11-03},
	url="https://goo.gl/QbClkE",
	note="Version 0.72",
	year = {2014},
}


@article{hdf5standard,
	doi = {10.3389/conf.fninf.2013.09.00069},
	url = {http://dx.doi.org/10.3389/conf.fninf.2013.09.00069},
	year  = {2013},
	publisher = {Frontiers Media {SA}},
	volume = {7},
	author = {Teeters Jeffrey and Benda Jan and Davison Andrew and Eglen Stephen and Gerhard Stephan and Gerkin Richard and Grewe Jan and Harris Kenneth and Jackson Tom and Mou{\v{c}}ek Roman and Pr\"{o}pper Robert and Sessions Hyrum and Smith Leslie and Sobolev Andrey and Sommer Friedrich and Stoewer Adrian and Wachtler Thomas},
	title = {Considerations for developing a standard for storing electrophysiology data in {HDF}5},
	journal = {Frontiers in Neuroinformatics}
}

@article{mrieeg,
	year  = {2006},
	author = {Zhongming Liu and Lei Ding and Bin He},
	title = {Integration of EEG/MEG with MRI and fMRI in Functional Neuroimaging},
	journal = {IEEE engineering in medicine and biology magazine : the quarterly magazine of the Engineering in Medicine and Biology Society},
	volume = {25},
	page= {46-53},
	issn={0739-5175},
}

@online{hdf,
	key="HDF Group",
note="The HDF Group",
title="HDF Technologies",
url="http://www.hdfgroup.org/",
year="2013",
cited="03.07.2014",
}

@unpublished{incf,
	key={INCF},
	title = "Requirements for a standard for storing electrophysiology data",
	date = {2014-02-14},
	note = {version 0.6},
	author = "Wachtler, T. and Grethe, J. and  Sommer, F. and others",
	year="2014",
	organization = {INCF Task Force on Standards for Data Sharing},
}


@manual{brainUserManual,
	title = {BrainVision Recorder User Manual},
	key={Brain Products GmbH},
	organization={Brain Products GmbH},
	chapter = {Appendix A},
	year = {2014},
	month={December},
	edition={011},
}



